@article{zentner2010rhythmic,
  title={Rhythmic engagement with music in infancy},
  author={Zentner, Marcel and Eerola, Tuomas},
  journal={Proceedings of the National Academy of Sciences},
  year={2010},
  publisher={National Acad Sciences}
}

@article{stevenage1999visual,
  title={Visual analysis of gait as a cue to identity},
  author={Stevenage, Sarah V and Nixon, Mark S and Vince, Kate},
  journal={Applied cognitive psychology},
  year={1999},
  publisher={Wiley Online Library}
}

@inproceedings{collins2002silhouette,
  title={Silhouette-based human identification from body shape and gait},
  author={Collins, Robert T and Gross, Ralph and Shi, Jianbo},
  booktitle={IEEE FGR},
  year={2002},
}



@article{mann1997wearable,
  title={Wearable computing: A first step toward personal imaging},
  author={Mann, Steve},
  journal={IEEE Computer},
  Volume= {30},
  Number={2},
  pages = {25-32},
  year={1997}
}

@article{jain2004introduction,
  title={An introduction to biometric recognition},
  author={Jain, Anil K and Ross, Arun and Prabhakar, Salil},
  journal={IEEE Transactions on Circuits and Systems for Video Technology},
  year={2004}
}

@article{loula2005recognizing,
  title={Recognizing people from their movement.},
  author={Loula, Fani and Prasad, Sapna and Harber, Kent and Shiffrar, Maggie},
  journal={Journal of Experimental Psychology: Human Perception and Performance},
  year={2005},
  publisher={American Psychological Association}
}

@article{monrose2000keystroke,
  title={Keystroke dynamics as a biometric for authentication},
  author={Monrose, Fabian and Rubin, Aviel D},
  journal={Future Generation computer systems},
  year={2000},
  publisher={Elsevier}
}

@article{ailisto2006soft,
  title={Soft biometrics -- combining body weight and fat measurements with fingerprint biometrics},
  author={Ailisto, Heikki and Vildjiounaite, Elena and Lindholm, Mikko and Makela, Satu-Marja and Peltola, Johannes},
  journal={Pattern Recognition Letters},
  year={2006},
  publisher={Elsevier}
}

@inproceedings{okumura2006study,
  title={A study on biometric authentication based on arm sweep action with acceleration sensor},
  author={Okumura, Fuminori and Kubota, Akira and Hatori, Yoshinori and Matsuo, Kenji and Hashimoto, Masayuki and Koike, Atsushi},
  booktitle={IEEE ISPACS},
  year={2006},
}

@article{o2003comparing,
  title={Comparing passwords, tokens, and biometrics for user authentication},
  author={O'Gorman, Lawrence},
  journal={Proceedings of the IEEE},
  year={2003},
}

@inproceedings{jorgensen2011mouse,
  title={On mouse dynamics as a behavioral biometric for authentication},
  author={Jorgensen, Zach and Yu, Ting},
  booktitle={ASIACCS},
  year={2011},
}

@inproceedings{yampolskiy2007motor,
  title={Motor-skill based biometrics},
  author={Yampolskiy, Roman V},
  booktitle={Annual Security Conference},
  year={2007}
}

@inproceedings{bo2013silentsense,
  title={SilentSense: silent user identification via touch and movement behavioral biometrics},
  author={Bo, Cheng and Zhang, Lan and Li, Xiang-Yang and Huang, Qiuyuan and Wang, Yu},
  booktitle={ACM MobiCom},
  year={2013},
}

@inproceedings{de2012touch,
  title={Touch me once and i know it's you!: implicit authentication based on touch screen patterns},
  author={De Luca, Alexander and Hang, Alina and Brudy, Frederik and Lindner, Christian and Hussmann, Heinrich},
  booktitle={ACM CHI},
  year={2012},
}

@inproceedings{kjeldsen2001head,
  title={Head gestures for computer control},
  author={Kjeldsen, Rick},
  booktitle={IEEE ICCV Workshop},
  year={2001},
}

@article{harwin1990analysis,
  title={Analysis of intentional head gestures to assist computer access by physically disabled people},
  author={Harwin, WS and Jackson, RD},
  journal={Journal of biomedical engineering},
  year={1990},
  publisher={Elsevier}
}


@article{palanivel2008multimodal,
  title={Multimodal person authentication using speech, face and visual speech},
  author={Palanivel, S and Yegnanarayana, B},
  journal={Computer Vision and Image Understanding},
  year={2008},
  publisher={Elsevier}
}

@inproceedings{hernandezbioglass,
  title={BioGlass: Physiological Parameter Estimation Using a Head-mounted Wearable Device},
  author={Hernandez, Javier and Li, Yin and Rehg, James M and Picard, Rosalind W},
	booktitle={IEEE MobiHealth},
  year={2014},
}


@article{beats,
 title={Using background music to affect the behavior of supermarket shoppers},
 author={Milliman, Ronald E},
 journal={The Journal of Marketing},
 year={1982},
 publisher={JSTOR}
}

# this paper is more on wearable communication perspective, not quite relevant
@inproceedings{al2001wearable,
  title={Wearable security services},
  author={Al-Muhtadi, Jalal and Mickunas, Dennis and Campbell, Roy},
  booktitle={IEEE ICDCS Workshop},
  year={2001},
}

@inproceedings{westeyn2004recognizing,
  title={Recognizing song-based blink patterns: Applications for restricted and universal access},
  author={Westeyn, Tracy and Starner, Thad},
  booktitle={IEEE FGR},
  year={2004},
}

@inproceedings{ishimaru2014blink,
  title={In the blink of an eye: combining head motion and eye blink frequency for activity recognition with Google Glass},
  author={Ishimaru, Shoya and Kunze, Kai and Kise, Koichi and Weppner, Jens and Dengel, Andreas and Lukowicz, Paul and Bulling, Andreas},
  booktitle={ACM AH},
  year={2014},
}

@misc{nymi,
	title 		= {Nymi Band},
	note 			= {\url{http://www.nymi.com/}},
}

@misc{googleglass,
	title 		= {Google Glass},
	note 			= {\url{http://en.wikipedia.org/wiki/Google\_Glass}},
}

@misc{fitbit,
	title 		= {Fitbit},
	note 			= {\url{http://en.wikipedia.org/wiki/Fitbit}},
}

@misc{smartwatch,
	title 		= {Smart Watch},
	note 			= {\url{http://en.wikipedia.org/wiki/Smartwatch}},
}




# chenren
@inproceedings{kuroda2008empirical,
  title={Empirical evaluation of zero-admin authentication for vital sensors in body area networks},
  author={Kuroda, Masahiro and Tamura, Yasuhiro and Kohno, Ryuji and Tochikubo, Osamu},
  booktitle={IEEE EMBS},
  year={2008},
}

@article{gafurov2011user,
  title={User authentication based on foot motion},
  author={Gafurov, Davrondzhon and Bours, Patrick and Snekkenes, Einar},
  journal={Signal, Image and Video Processing},
  year={2011},
  publisher={Springer}
}

@article{gafurov2006biometric,
  title={Biometric gait authentication using accelerometer sensor},
  author={Gafurov, Davrondzhon and Helkala, Kirsi and S{\o}ndrol, Torkjel},
  journal={Journal of computers},
  year={2006}
}

@inproceedings{sherman2014user,
 author = {Sherman, Michael and Clark, Gradeigh and Yang, Yulong and Sugrim, Shridatt and Modig, Arttu and Lindqvist, Janne and Oulasvirta, Antti and Roos, Teemu},
 title = {User-generated Free-form Gestures for Authentication: Security and Memorability},
 booktitle = {ACM MobiSys},
 year = {2014},
}

@inproceedings{feng2014tips,
  title={TIPS: context-aware implicit user identification using touch screen in uncontrolled environments},
  author={Feng, Tao and Yang, Jun and Yan, Zhixian and Tapia, Emmanuel Munguia and Shi, Weidong},
  booktitle={ACM HotMobile},
  year={2014},
}

@article{frank2013touchalytics,
  title={Touchalytics: On the applicability of touchscreen input as a behavioral biometric for continuous authentication},
  author={Frank, Mario and Biedert, Ralf and Ma, Eugene and Martinovic, Ivan and Song, Dawn},
  journal={IEEE Transactions on Information Forensics and Security},
  year={2013},
}

@inproceedings{sae2012biometric,
  title={Biometric-rich gestures: a novel approach to authentication on multi-touch devices},
  author={Sae-Bae, Napa and Ahmed, Kowsar and Isbister, Katherine and Memon, Nasir},
  booktitle={ACM CHI},
  year={2012},
}

@incollection{cai2013mobile,
  title={Mobile authentication through touch-behavior features},
  author={Cai, Zhongmin and Shen, Chao and Wang, Miao and Song, Yunpeng and Wang, Jialin},
  booktitle={Biometric Recognition},
  year={2013},
  publisher={Springer}
}

@article{bowyer2006survey,
  title={A survey of approaches and challenges in 3D and multi-modal 3D+ 2D face recognition},
  author={Bowyer, Kevin W and Chang, Kyong and Flynn, Patrick},
  journal={Computer vision and image understanding},
  year={2006},
  publisher={Elsevier}
}

@article{jain1997identity,
  title={An identity-authentication system using fingerprints},
  author={Jain, Anil K and Hong, Lin and Pankanti, Sharath and Bolle, Ruud},
  journal={Proceedings of the IEEE},
  year={1997},
}

@article{reynolds2000speaker,
  title={Speaker verification using adapted Gaussian mixture models},
  author={Reynolds, Douglas A and Quatieri, Thomas F and Dunn, Robert B},
  journal={Digital signal processing},
  year={2000},
  publisher={Elsevier}
}


@article{biddle2012graphical,
  title={Graphical passwords: Learning from the first twelve years},
  author={Biddle, Robert and Chiasson, Sonia and Van Oorschot, Paul C},
  journal={ACM Computing Surveys},
  year={2012},
}

#Weston, Jason, and Chris Watkins. "Support vector machines for #multi-class pattern recognition." ESANN. Vol. 99. 1999.

@inproceedings{weston1999support,
  title={Support vector machines for multi-class pattern recognition.},
  author={Weston, Jason and Watkins, Chris and others},
  booktitle={ESANN},
  year={1999},
}

@inproceedings{ailisto2005identifying,
  title={Identifying people from gait pattern with accelerometers},
  author={Ailisto, Heikki J and Lindholm, Mikko and Mantyjarvi, Jani and Vildjiounaite, Elena and Makela, Satu-Marja},
  booktitle={Defense and Security},
  year={2005},
  organization={International Society for Optics and Photonics}
}

@inproceedings{gafurov2007gait,
  title={Gait authentication and identification using wearable accelerometer sensor},
  author={Gafurov, Davrondzhon and Snekkenes, Einar and Bours, Patrick},
  booktitle={IEEE AIAT},
  year={2007},
}

@inproceedings{gafurov2008arm,
  title={Arm swing as a weak biometric for unobtrusive user authentication},
  author={Gafurov, Davrondzhon and Snekkkenes, Einar},
  booktitle={IEEE IIHMSP},
  year={2008},
}

@inproceedings{rahman2014bodybeat,
  title={BodyBeat: a mobile system for sensing non-speech body sounds},
  author={Rahman, Tauhidur and Adams, Alexander T and Zhang, Mi and Cherry, Erin and Zhou, Bobby and Peng, Huaishu and Choudhury, Tanzeem},
  booktitle={ACM MobiSys},
  year={2014},
}

@inproceedings{cornelius2014wearable,
  title={A wearable system that knows who wears it},
  author={Cornelius, Cory and Peterson, Ronald and Skinner, Joseph and Halter, Ryan and Kotz, David},
  booktitle={ACM MobiSys},
  year={2014},
}

@inproceedings{dtw,
  title={Using Dynamic Time Warping to Find Patterns in Time Series.},
  author={Berndt, Donald J and Clifford, James},
  booktitle={ACM KDD workshop},
  year={1994},
}

@article{challis1983design,
  title={The design of digital filters for biomedical signal processing Part 3: The design of Butterworth and Chebychev filters},
  author={Challis, RE and Kitney, RI},
  journal={Journal of biomedical engineering},
  year={1983},
  publisher={Elsevier}
}

@article{preece2009comparison,
  title={A comparison of feature extraction methods for the classification of dynamic activities from accelerometer data},
  author={Preece, Stephen J and Goulermas, John Yannis and Kenney, Laurence PJ and Howard, David},
  journal={Biomedical Engineering, IEEE Transactions on},
  volume={56},
  number={3},
  pages={871--879},
  year={2009},
  publisher={IEEE}
}

@incollection{bao2004activity,
  title={Activity recognition from user-annotated acceleration data},
  author={Bao, Ling and Intille, Stephen S},
  booktitle={Pervasive computing},
  pages={1--17},
  year={2004},
  publisher={Springer}
}

@inproceedings{zhang2011feature,
  title={A feature selection-based framework for human activity recognition using wearable multimodal sensors},
  author={Zhang, Mi and Sawchuk, Alexander A},
  booktitle={Proceedings of the 6th International Conference on Body Area Networks},
  pages={92--98},
  year={2011},
  organization={ICST (Institute for Computer Sciences, Social-Informatics and Telecommunications Engineering)}
}

@article{karantonis2006implementation,
  title={Implementation of a real-time human movement classifier using a triaxial accelerometer for ambulatory monitoring},
  author={Karantonis, Dean M and Narayanan, Michael R and Mathie, Merryn and Lovell, Nigel H and Celler, Branko G},
  journal={Information Technology in Biomedicine, IEEE Transactions on},
  volume={10},
  number={1},
  pages={156--167},
  year={2006},
  publisher={IEEE}
}


@inproceedings{mantyjarvi2005identifying,
  title={Identifying users of portable devices from gait pattern with accelerometers},
  author={Mantyjarvi, Jani and Lindholm, Mikko and Vildjiounaite, Elena and Makela, S-M and Ailisto, HA},
  booktitle={Acoustics, Speech, and Signal Processing, 2005. Proceedings.(ICASSP'05). IEEE International Conference on},
  volume={2},
  pages={ii--973},
  year={2005},
  organization={IEEE}
}

@article{mizuike2009analysis,
  title={Analysis of stroke patient walking dynamics using a tri-axial accelerometer},
  author={Mizuike, Chihiro and Ohgi, Shohei and Morita, Satoru},
  journal={Gait \& posture},
  volume={30},
  number={1},
  pages={60--64},
  year={2009},
  publisher={Elsevier}
}

@inproceedings{derawi2010unobtrusive,
  title={Unobtrusive user-authentication on mobile phones using biometric gait recognition},
  author={Derawi, Mohammad Omar and Nickel, Claudia and Bours, Patrick and Busch, Christoph},
  booktitle={Intelligent Information Hiding and Multimedia Signal Processing (IIH-MSP), 2010 Sixth International Conference on},
  pages={306--311},
  year={2010},
  organization={IEEE}
}

@article{palmerini2011feature,
  title={Feature selection for accelerometer-based posture analysis in Parkinson's disease},
  author={Palmerini, Luca and Rocchi, Laura and Mellone, Sabato and Valzania, Franco and Chiari, Lorenzo},
  journal={Information Technology in Biomedicine, IEEE Transactions on},
  volume={15},
  number={3},
  pages={481--490},
  year={2011},
  publisher={IEEE}
}

@incollection{pirttikangas2006feature,
  title={Feature selection and activity recognition from wearable sensors},
  author={Pirttikangas, Susanna and Fujinami, Kaori and Nakajima, Tatsuo},
  booktitle={Ubiquitous Computing Systems},
  pages={516--527},
  year={2006},
  publisher={Springer}
}

@article{mayagoitia2002accelerometer,
  title={Accelerometer and rate gyroscope measurement of kinematics: an inexpensive alternative to optical motion analysis systems},
  author={Mayagoitia, Ruth E and Nene, Anand V and Veltink, Peter H},
  journal={Journal of biomechanics},
  volume={35},
  number={4},
  pages={537--542},
  year={2002},
  publisher={Elsevier}
}

@article{jovanov2005wireless,
  title={A wireless body area network of intelligent motion sensors for computer assisted physical rehabilitation},
  author={Jovanov, Emil and Milenkovic, Aleksandar and Otto, Chris and De Groen, Piet C},
  journal={Journal of NeuroEngineering and rehabilitation},
  volume={2},
  number={1},
  pages={6},
  year={2005},
  publisher={BioMed Central Ltd}
}

@inproceedings{li2009accurate,
  title={Accurate, fast fall detection using gyroscopes and accelerometer-derived posture information},
  author={Li, Qiang and Stankovic, John A and Hanson, Mark A and Barth, Adam T and Lach, John and Zhou, Gang},
  booktitle={Wearable and Implantable Body Sensor Networks, 2009. BSN 2009. Sixth International Workshop on},
  pages={138--143},
  year={2009},
  organization={IEEE}
}

@article{zhu2004real,
  title={A real-time articulated human motion tracking using tri-axis inertial/magnetic sensors package},
  author={Zhu, Rong and Zhou, Zhaoying},
  journal={Neural Systems and Rehabilitation Engineering, IEEE Transactions on},
  volume={12},
  number={2},
  pages={295--302},
  year={2004},
  publisher={IEEE}
}

@article{williamson2001detecting,
  title={Detecting absolute human knee angle and angular velocity using accelerometers and rate gyroscopes},
  author={Williamson, R and Andrews, BJ},
  journal={Medical and Biological Engineering and Computing},
  volume={39},
  number={3},
  pages={294--302},
  year={2001},
  publisher={Springer}
}

@article{sabatini2005assessment,
  title={Assessment of walking features from foot inertial sensing},
  author={Sabatini, Angelo M and Martelloni, Chiara and Scapellato, Sergio and Cavallo, Filippo},
  journal={Biomedical Engineering, IEEE Transactions on},
  volume={52},
  number={3},
  pages={486--494},
  year={2005},
  publisher={IEEE}
}

@inproceedings{euston2008complementary,
  title={A complementary filter for attitude estimation of a fixed-wing UAV},
  author={Euston, Mark and Coote, Paul and Mahony, Robert and Kim, Jonghyuk and Hamel, Tarek},
  booktitle={Intelligent Robots and Systems, 2008. IROS 2008. IEEE/RSJ International Conference on},
  pages={340--345},
  year={2008},
  organization={IEEE}
}

@article{wu1997measure,
  title={A measure of DNA sequence dissimilarity based on Mahalanobis distance between frequencies of words},
  author={Wu, Tiee-Jian and Burke, John P and Davison, Daniel B},
  journal={Biometrics},
  pages={1431--1439},
  year={1997},
  publisher={JSTOR}
}

@article{yan2007biometric,
  title={Biometric recognition using 3D ear shape},
  author={Yan, Ping and Bowyer, Kevin W},
  journal={Pattern Analysis and Machine Intelligence, IEEE Transactions on},
  volume={29},
  number={8},
  pages={1297--1308},
  year={2007},
  publisher={IEEE}
}

@incollection{zhao1998discriminant,
  title={Discriminant analysis of principal components for face recognition},
  author={Zhao, Wenyi and Krishnaswamy, Arvindh and Chellappa, Rama and Swets, Daniel L and Weng, John},
  booktitle={Face Recognition},
  pages={73--85},
  year={1998},
  publisher={Springer}
}

@article{hong1998fingerprint,
  title={Fingerprint image enhancement: algorithm and performance evaluation},
  author={Hong, Lin and Wan, Yifei and Jain, Anil},
  journal={Pattern Analysis and Machine Intelligence, IEEE Transactions on},
  volume={20},
  number={8},
  pages={777--789},
  year={1998},
  publisher={IEEE}
}

@article{wildes1997iris,
  title={Iris recognition: an emerging biometric technology},
  author={Wildes, Richard P},
  journal={Proceedings of the IEEE},
  volume={85},
  number={9},
  pages={1348--1363},
  year={1997},
  publisher={IEEE}
}

@incollection{baldisserra2005fake,
  title={Fake fingerprint detection by odor analysis},
  author={Baldisserra, Denis and Franco, Annalisa and Maio, Dario and Maltoni, Davide},
  booktitle={Advances in Biometrics},
  pages={265--272},
  year={2005},
  publisher={Springer}
}

@article{han2003personal,
  title={Personal authentication using palm-print features},
  author={Han, Chin-Chuan and Cheng, Hsu-Liang and Lin, Chih-Lung and Fan, Kuo-Chin},
  journal={Pattern Recognition},
  volume={36},
  number={2},
  pages={371--381},
  year={2003},
  publisher={Elsevier}
}

@article{hill2002retina,
  title={Retina identification},
  author={Hill, Robert “Buzz”},
  journal={Biometrics: Personal Identification in Networked Society},
  pages={123--141},
  year={2002},
  publisher={Springer}
}

@article{markowitz2000voice,
  title={Voice biometrics},
  author={Markowitz, Judith A},
  journal={Communications of the ACM},
  volume={43},
  number={9},
  pages={66--73},
  year={2000},
  publisher={ACM}
}

@inproceedings{scheirer1999expression,
  title={Expression glasses: a wearable device for facial expression recognition},
  author={Scheirer, Jocelyn and Fernandez, Raul and Picard, Rosalind W},
  booktitle={CHI'99 Extended Abstracts on Human Factors in Computing Systems},
  pages={262--263},
  year={1999},
  organization={ACM}
}

@inproceedings{di2005magic,
  title={MagIC system: A new textile-based wearable device for biological signal monitoring. Applicability in daily life and clinical setting},
  author={Di Rienzo, Marco and Rizzo, Francesco and Parati, Gianfranco and Brambilla, Gabriella and Ferratini, Maurizio and Castiglioni, Paolo},
  booktitle={Engineering in Medicine and Biology Society, 2005. IEEE-EMBS 2005. 27th Annual International Conference of the},
  pages={7167--7169},
  year={2005},
  organization={IEEE}
}

@inproceedings{choudhury2002sociometer,
  title={The sociometer: A wearable device for understanding human networks},
  author={Choudhury, Tanzeem and Pentland, Alex},
  booktitle={CSCW'02 Workshop: Ad hoc Communications and Collaboration in Ubiquitous Computing Environments},
  year={2002}
}

@article{meyerhoff1993line,
  title={On line continuous monitoring of blood lactate in men by a wearable device based upon an enzymatic amperometric lactate sensor},
  author={Meyerhoff, C and Bischof, F and Mennel, FJ and Sternberg, F and Bican, J and Pfeiffer, EF},
  journal={Biosensors and Bioelectronics},
  volume={8},
  number={9},
  pages={409--414},
  year={1993},
  publisher={Elsevier}
}

@inproceedings{starner2000gesture,
  title={The gesture pendant: A self-illuminating, wearable, infrared computer vision system for home automation control and medical monitoring},
  author={Starner, Thad and Auxier, Jake and Ashbrook, Daniel and Gandy, Maribeth},
  booktitle={Wearable computers, the fourth international symposium on},
  pages={87--94},
  year={2000},
  organization={IEEE}
}

@inproceedings{farringdon1999wearable,
  title={Wearable sensor badge and sensor jacket for context awareness},
  author={Farringdon, Jonny and Moore, Andrew J and Tilbury, Nancy and Church, James and Biemond, Pieter D},
  booktitle={Wearable Computers, 1999. Digest of Papers. The Third International Symposium on},
  pages={107--113},
  year={1999},
  organization={IEEE}
}

@inproceedings{led2004design,
  title={Design of a wearable device for ECG continuous monitoring using wireless technology},
  author={Led, Santiago and Fern{\'a}ndez, Jorge and Serrano, Luis},
  booktitle={Engineering in Medicine and Biology Society, 2004. IEMBS'04. 26th Annual International Conference of the IEEE},
  volume={2},
  pages={3318--3321},
  year={2004},
  organization={IEEE}
}

@inproceedings{hung2004wearable,
  title={Wearable medical devices for tele-home healthcare},
  author={Hung, K and Zhang, YT and Tai, B},
  booktitle={Engineering in Medicine and Biology Society, 2004. IEMBS'04. 26th Annual International Conference of the IEEE},
  volume={2},
  pages={5384--5387},
  year={2004},
  organization={IEEE}
}

@inproceedings{mistry2009sixthsense,
  title={SixthSense: a wearable gestural interface},
  author={Mistry, Pranav and Maes, Pattie},
  booktitle={ACM SIGGRAPH ASIA 2009 Sketches},
  pages={11},
  year={2009},
  organization={ACM}
}

@article{giansanti2008assessment,
  title={Assessment of fall-risk by means of a neural network based on parameters assessed by a wearable device during posturography},
  author={Giansanti, Daniele and Maccioni, Giovanni and Cesinaro, Stefano and Benvenuti, Francesco and Macellari, Velio},
  journal={Medical engineering \& physics},
  volume={30},
  number={3},
  pages={367--372},
  year={2008},
  publisher={Elsevier}
}

@book{bartenieff1980body,
  title={Body movement: Coping with the environment},
  author={Bartenieff, Irmgard},
  year={1980},
  publisher={Psychology Press}
}

@article{brass2001movement,
  title={Movement observation affects movement execution in a simple response task},
  author={Brass, Marcel and Bekkering, Harold and Prinz, Wolfgang},
  journal={Acta psychologica},
  volume={106},
  number={1},
  pages={3--22},
  year={2001},
  publisher={Elsevier}
}

@article{dassonville2001effect,
  title={The effect of stimulus--response compatibility on cortical motor activation},
  author={Dassonville, Paul and Lewis, Scott M and Zhu, Xiao-Hong and Ugurbil, Kamil and Kim, Seong-Gi and Ashe, James},
  journal={Neuroimage},
  volume={13},
  number={1},
  pages={1--14},
  year={2001},
  publisher={Elsevier}
}

@incollection{mayrhofer2007shake,
  title={Shake well before use: Authentication based on accelerometer data},
  author={Mayrhofer, Rene and Gellersen, Hans},
  booktitle={Pervasive computing},
  pages={144--161},
  year={2007},
  publisher={Springer}
}

@inproceedings{patel2004gesture,
  title={A gesture-based authentication scheme for untrusted public terminals},
  author={Patel, Shwetak N and Pierce, Jeffrey S and Abowd, Gregory D},
  booktitle={Proceedings of the 17th annual ACM symposium on User interface software and technology},
  pages={157--160},
  year={2004},
  organization={ACM}
}

@article{mayrhofer2007shakeim,
  title={Shake well before use: two implementations for implicit context authentication},
  author={Mayrhofer, Rene and Gellersen, Hans},
  year={2007}
}

@inproceedings{dollar2005behavior,
  title={Behavior recognition via sparse spatio-temporal features},
  author={Doll{\'a}r, Piotr and Rabaud, Vincent and Cottrell, Garrison and Belongie, Serge},
  booktitle={Visual Surveillance and Performance Evaluation of Tracking and Surveillance, 2005. 2nd Joint IEEE International Workshop on},
  pages={65--72},
  year={2005},
  organization={IEEE}
}

@inproceedings{shahzad2013secure,
  title={Secure unlocking of mobile touch screen devices by simple gestures: you can see it but you can not do it},
  author={Shahzad, Muhammad and Liu, Alex X and Samuel, Arjmand},
  booktitle={Proceedings of the 19th annual international conference on Mobile computing \& networking},
  pages={39--50},
  year={2013},
  organization={ACM}
}

@article{liu2009uwave,
  title={uWave: Accelerometer-based personalized gesture recognition and its applications},
  author={Liu, Jiayang and Zhong, Lin and Wickramasuriya, Jehan and Vasudevan, Venu},
  journal={Pervasive and Mobile Computing},
  volume={5},
  number={6},
  pages={657--675},
  year={2009},
  publisher={Elsevier}
}

@article{ngo2014largest,
  title={The largest inertial sensor-based gait database and performance evaluation of gait-based personal authentication},
  author={Ngo, Thanh Trung and Makihara, Yasushi and Nagahara, Hajime and Mukaigawa, Yasuhiro and Yagi, Yasushi},
  journal={Pattern Recognition},
  volume={47},
  number={1},
  pages={228--237},
  year={2014},
  publisher={Elsevier}
}

@article{gafurov2006biometric,
  title={Biometric gait authentication using accelerometer sensor},
  author={Gafurov, Davrondzhon and Helkala, Kirsi and S{\o}ndrol, Torkjel},
  journal={Journal of computers},
  volume={1},
  number={7},
  pages={51--59},
  year={2006}
}

@inproceedings{derawi2010improved,
  title={Improved cycle detection for accelerometer based gait authentication},
  author={Derawi, Mohammad Omar and Bours, Patrick and Holien, Kjetil},
  booktitle={Intelligent Information Hiding and Multimedia Signal Processing (IIH-MSP), 2010 Sixth International Conference on},
  pages={312--317},
  year={2010},
  organization={IEEE}
}

@article{salvador2007toward,
  title={Toward accurate dynamic time warping in linear time and space},
  author={Salvador, Stan and Chan, Philip},
  journal={Intelligent Data Analysis},
  year={2007},
  publisher={IOS Press}
}

@article{hoyle2015sensitive,
  title={Sensitive Lifelogs: A Privacy Analysis of Photos from Wearable Cameras},
  author={Hoyle, Roberto and Templeman, Robert and Anthony, Denise and Crandall, David and Kapadia, Apu},
  booktitle={ACM CHI},
  year={2015}
}

@inproceedings{hoyle2014privacy,
  title={Privacy behaviors of lifeloggers using wearable cameras},
  author={Hoyle, Roberto and Templeman, Robert and Armes, Steven and Anthony, Denise and Crandall, David and Kapadia, Apu},
  booktitle={ACM UbiComp},
  year={2014},
}


@inproceedings{jana2013scanner,
  title={A Scanner Darkly: Protecting user privacy from perceptual applications},
  author={Jana, Suman and Narayanan, Arvind and Shmatikov, Vitaly},
  booktitle={IEEE SP},
  year={2013},
}

@inproceedings{von2013patterns,
  title={Patterns in the wild: a field study of the usability of pattern and pin-based authentication on mobile devices},
  author={Von Zezschwitz, Emanuel and Dunphy, Paul and De Luca, Alexander},
  booktitle={ACM MobileHCI},
  year={2013},
}

@inproceedings{egelman2014you,
  title={Are You Ready to Lock?},
  author={Egelman, Serge and Jain, Sakshi and Portnoff, Rebecca S and Liao, Kerwell and Consolvo, Sunny and Wagner, David},
  booktitle={ACM CCS},
  year={2014},
}

@inproceedings{ha2014towards,
  title={Towards wearable cognitive assistance},
  author={Ha, Kiryong and Chen, Zhuo and Hu, Wenlu and Richter, Wolfgang and Pillai, Padmanabhan and Satyanarayanan, Mahadev},
  booktitle={ACM MobiSys},
  year={2014},
}

@inproceedings{likamwa2014draining,
  title={Draining our glass: An energy and heat characterization of google glass},
  author={LiKamWa, Robert and Wang, Zhen and Carroll, Aaron and Lin, Felix Xiaozhu and Zhong, Lin},
  booktitle={ACM APSys},
  year={2014},
}