@article{zentner2010rhythmic,
  title={Rhythmic engagement with music in infancy},
  author={Zentner, Marcel and Eerola, Tuomas},
  journal={Proceedings of the National Academy of Sciences},
  year={2010},
  publisher={National Acad Sciences}
}

@article{stevenage1999visual,
  title={Visual analysis of gait as a cue to identity},
  author={Stevenage, Sarah V and Nixon, Mark S and Vince, Kate},
  journal={Applied cognitive psychology},
  year={1999},
  publisher={Wiley Online Library}
}

@inproceedings{collins2002silhouette,
  title={Silhouette-based human identification from body shape and gait},
  author={Collins, Robert T and Gross, Ralph and Shi, Jianbo},
  booktitle={IEEE FGR},
  year={2002},
}

@article{mann1997wearable,
  title={Wearable computing: A first step toward personal imaging},
  author={Mann, Steve},
  journal={IEEE Computer},
  Volume= {30},
  Number={2},
  pages = {25-32},
  year={1997},
}

@article{jain2004introduction,
  title={An introduction to biometric recognition},
  author={Jain, Anil K and Ross, Arun and Prabhakar, Salil},
  journal={IEEE Transactions on Circuits and Systems for Video Technology},
  year={2004},
}

@article{loula2005recognizing,
  title={Recognizing people from their movement.},
  author={Loula, Fani and Prasad, Sapna and Harber, Kent and Shiffrar, Maggie},
  journal={Journal of Experimental Psychology: Human Perception and Performance},
  year={2005},
  publisher={American Psychological Association}
}

@article{monrose2000keystroke,
  title={Keystroke dynamics as a biometric for authentication},
  author={Monrose, Fabian and Rubin, Aviel D},
  journal={Future Generation computer systems},
  year={2000},
  publisher={Elsevier}
}

@article{ailisto2006soft,
  title={Soft biometrics -- combining body weight and fat measurements with fingerprint biometrics},
  author={Ailisto, Heikki and Vildjiounaite, Elena and Lindholm, Mikko and Makela, Satu-Marja and Peltola, Johannes},
  journal={Pattern Recognition Letters},
  year={2006},
  publisher={Elsevier}
}

@inproceedings{okumura2006study,
  title={A study on biometric authentication based on arm sweep action with acceleration sensor},
  author={Okumura, Fuminori and Kubota, Akira and Hatori, Yoshinori and Matsuo, Kenji and Hashimoto, Masayuki and Koike, Atsushi},
  booktitle={IEEE ISPACS},
  year={2006},
}

@article{o2003comparing,
  title={Comparing passwords, tokens, and biometrics for user authentication},
  author={O'Gorman, Lawrence},
  journal={Proceedings of the IEEE},
  year={2003},
}

@inproceedings{jorgensen2011mouse,
  title={On mouse dynamics as a behavioral biometric for authentication},
  author={Jorgensen, Zach and Yu, Ting},
  booktitle={ASIACCS},
  year={2011},
}

@inproceedings{yampolskiy2007motor,
  title={Motor-skill based biometrics},
  author={Yampolskiy, Roman V},
  booktitle={Annual Security Conference},
  year={2007}
}

@inproceedings{bo2013silentsense,
  title={SilentSense: silent user identification via touch and movement behavioral biometrics},
  author={Bo, Cheng and Zhang, Lan and Li, Xiang-Yang and Huang, Qiuyuan and Wang, Yu},
  booktitle={ACM MobiCom},
  year={2013},
}

@inproceedings{de2012touch,
  title={Touch me once and i know it's you!: implicit authentication based on touch screen patterns},
  author={De Luca, Alexander and Hang, Alina and Brudy, Frederik and Lindner, Christian and Hussmann, Heinrich},
  booktitle={ACM CHI},
  year={2012},
}

@inproceedings{kjeldsen2001head,
  title={Head gestures for computer control},
  author={Kjeldsen, Rick},
  booktitle={IEEE ICCV Workshop},
  year={2001},
}

@article{harwin1990analysis,
  title={Analysis of intentional head gestures to assist computer access by physically disabled people},
  author={Harwin, WS and Jackson, RD},
  journal={Journal of biomedical engineering},
  year={1990},
  publisher={Elsevier}
}


@article{palanivel2008multimodal,
  title={Multimodal person authentication using speech, face and visual speech},
  author={Palanivel, S and Yegnanarayana, B},
  journal={Computer Vision and Image Understanding},
  year={2008},
  publisher={Elsevier}
}

@inproceedings{hernandezbioglass,
  title={BioGlass: Physiological Parameter Estimation Using a Head-mounted Wearable Device},
  author={Hernandez, Javier and Li, Yin and Rehg, James M and Picard, Rosalind W},
	booktitle={IEEE MobiHealth},
  year={2014},
}


@article{beats,
 title={Using background music to affect the behavior of supermarket shoppers},
 author={Milliman, Ronald E},
 journal={The Journal of Marketing},
 year={1982},
 publisher={JSTOR}
}

# this paper is more on wearable communication perspective, not quite relevant
@inproceedings{al2001wearable,
  title={Wearable security services},
  author={Al-Muhtadi, Jalal and Mickunas, Dennis and Campbell, Roy},
  booktitle={IEEE ICDCS Workshop},
  year={2001},
}

@inproceedings{westeyn2004recognizing,
  title={Recognizing song-based blink patterns: Applications for restricted and universal access},
  author={Westeyn, Tracy and Starner, Thad},
  booktitle={IEEE FGR},
  year={2004},
}

@inproceedings{ishimaru2014blink,
  title={In the blink of an eye: combining head motion and eye blink frequency for activity recognition with Google Glass},
  author={Ishimaru, Shoya and Kunze, Kai and Kise, Koichi and Weppner, Jens and Dengel, Andreas and Lukowicz, Paul and Bulling, Andreas},
  booktitle={ACM AH},
  year={2014},
}

@misc{nymi,
	title 		= {Nymi Band},
	note 			= {\url{http://www.nymi.com/}},
}

@misc{googleglass,
	title 		= {Google Glass},
	note 			= {\url{http://en.wikipedia.org/wiki/Google\_Glass}},
}

@misc{fitbit,
	title 		= {Fitbit},
	note 			= {\url{http://en.wikipedia.org/wiki/Fitbit}},
}

@misc{smartwatch,
	title 		= {Smart Watch},
	note 			= {\url{http://en.wikipedia.org/wiki/Smartwatch}},
}




# chenren
@inproceedings{kuroda2008empirical,
  title={Empirical evaluation of zero-admin authentication for vital sensors in body area networks},
  author={Kuroda, Masahiro and Tamura, Yasuhiro and Kohno, Ryuji and Tochikubo, Osamu},
  booktitle={IEEE EMBS},
  year={2008},
}

@article{gafurov2011user,
  title={User authentication based on foot motion},
  author={Gafurov, Davrondzhon and Bours, Patrick and Snekkenes, Einar},
  journal={Signal, Image and Video Processing},
  year={2011},
  publisher={Springer}
}

@article{gafurov2006biometric,
  title={Biometric gait authentication using accelerometer sensor},
  author={Gafurov, Davrondzhon and Helkala, Kirsi and S{\o}ndrol, Torkjel},
  journal={Journal of computers},
  year={2006}
}

@inproceedings{sherman2014user,
 author = {Sherman, Michael and Clark, Gradeigh and Yang, Yulong and Sugrim, Shridatt and Modig, Arttu and Lindqvist, Janne and Oulasvirta, Antti and Roos, Teemu},
 title = {User-generated Free-form Gestures for Authentication: Security and Memorability},
 booktitle = {ACM MobiSys},
 year = {2014},
}

@inproceedings{feng2014tips,
  title={TIPS: context-aware implicit user identification using touch screen in uncontrolled environments},
  author={Feng, Tao and Yang, Jun and Yan, Zhixian and Tapia, Emmanuel Munguia and Shi, Weidong},
  booktitle={ACM HotMobile},
  year={2014},
}

@article{frank2013touchalytics,
  title={Touchalytics: On the applicability of touchscreen input as a behavioral biometric for continuous authentication},
  author={Frank, Mario and Biedert, Ralf and Ma, Eugene and Martinovic, Ivan and Song, Dawn},
  journal={IEEE Transactions on Information Forensics and Security},
  year={2013},
}

@inproceedings{sae2012biometric,
  title={Biometric-rich gestures: a novel approach to authentication on multi-touch devices},
  author={Sae-Bae, Napa and Ahmed, Kowsar and Isbister, Katherine and Memon, Nasir},
  booktitle={ACM CHI},
  year={2012},
}

@incollection{cai2013mobile,
  title={Mobile authentication through touch-behavior features},
  author={Cai, Zhongmin and Shen, Chao and Wang, Miao and Song, Yunpeng and Wang, Jialin},
  booktitle={Biometric Recognition},
  year={2013},
  publisher={Springer}
}

@article{bowyer2006survey,
  title={A survey of approaches and challenges in 3D and multi-modal 3D+ 2D face recognition},
  author={Bowyer, Kevin W and Chang, Kyong and Flynn, Patrick},
  journal={Computer vision and image understanding},
  year={2006},
  publisher={Elsevier}
}

@article{jain1997identity,
  title={An identity-authentication system using fingerprints},
  author={Jain, Anil K and Hong, Lin and Pankanti, Sharath and Bolle, Ruud},
  journal={Proceedings of the IEEE},
  year={1997},
}

@article{reynolds2000speaker,
  title={Speaker verification using adapted Gaussian mixture models},
  author={Reynolds, Douglas A and Quatieri, Thomas F and Dunn, Robert B},
  journal={Digital signal processing},
  year={2000},
  publisher={Elsevier}
}


@article{biddle2012graphical,
  title={Graphical passwords: Learning from the first twelve years},
  author={Biddle, Robert and Chiasson, Sonia and Van Oorschot, Paul C},
  journal={ACM Computing Surveys},
  year={2012},
}

#Weston, Jason, and Chris Watkins. "Support vector machines for #multi-class pattern recognition." ESANN. Vol. 99. 1999.

@inproceedings{weston1999support,
  title={Support vector machines for multi-class pattern recognition.},
  author={Weston, Jason and Watkins, Chris and others},
  booktitle={ESANN},
  year={1999},
}

@inproceedings{ailisto2005identifying,
  title={Identifying people from gait pattern with accelerometers},
  author={Ailisto, Heikki J and Lindholm, Mikko and Mantyjarvi, Jani and Vildjiounaite, Elena and Makela, Satu-Marja},
  booktitle={Defense and Security},
  year={2005},
  organization={International Society for Optics and Photonics}
}

@inproceedings{gafurov2007gait,
  title={Gait authentication and identification using wearable accelerometer sensor},
  author={Gafurov, Davrondzhon and Snekkenes, Einar and Bours, Patrick},
  booktitle={IEEE AIAT},
  year={2007},
}

@inproceedings{gafurov2008arm,
  title={Arm swing as a weak biometric for unobtrusive user authentication},
  author={Gafurov, Davrondzhon and Snekkkenes, Einar},
  booktitle={IEEE IIHMSP},
  year={2008},
}

@inproceedings{rahman2014bodybeat,
  title={BodyBeat: a mobile system for sensing non-speech body sounds},
  author={Rahman, Tauhidur and Adams, Alexander T and Zhang, Mi and Cherry, Erin and Zhou, Bobby and Peng, Huaishu and Choudhury, Tanzeem},
  booktitle={Proceedings of the 12th annual international conference on Mobile systems, applications, and services},
  pages={2--13},
  year={2014},
  organization={ACM}
}

@inproceedings{cornelius2014wearable,
  title={A wearable system that knows who wears it},
  author={Cornelius, Cory and Peterson, Ronald and Skinner, Joseph and Halter, Ryan and Kotz, David},
  booktitle={Proceedings of the 12th annual international conference on Mobile systems, applications, and services},
  pages={55--67},
  year={2014},
  organization={ACM}
}

@inproceedings{dtw,
  title={Using Dynamic Time Warping to Find Patterns in Time Series.},
  author={Berndt, Donald J and Clifford, James},
  booktitle={KDD workshop},
  year={1994},
}

@article{challis1983design,
  title={The design of digital filters for biomedical signal processing Part 3: The design of Butterworth and Chebychev filters},
  author={Challis, RE and Kitney, RI},
  journal={Journal of biomedical engineering},
  year={1983},
  publisher={Elsevier}
}
