

@Misc{ nsf-ct-anonymity,
  title  = {{CT-ISG: Multi-Layer
Anonymity Techniques for Time-Series Location Information in Wireless Systems}},
  author = {Marco Gruteser },
  howpublished = {NSF \#CNS-0524475 , \$199,595, 09/2005 - 08/2008}
}

@Misc{ nsf-find-geometric,
  title  = {{NeTS-FIND: A Geometric Stack for Location-Aware Networking}},
  author = {Marco Gruteser and Richard Martin},
  howpublished = {NSF \#CNS-0627032, \$400,000, 09/2006 - 08/2010}
}

@Misc{ nsf-orbit-community,
  title  = {{The ORBIT Radio Grid as a Flexible Large-Scale Community Testbed
for Next-Generation Wireless Network Research}},
  author = {Dipankar Raychaudhuri, Marco Gruteser, Eric Blossom, Wade Trappe},
  howpublished = {NSF \#CNS-0725053, \$1,500,000, 09/2007-08/2011}
}


@inproceedings{gruteser03anonymousLBS,
 author = {Marco Gruteser and Dirk Grunwald},
 title = {Anonymous Usage of Location-based Services through Spatial and Temporal Cloaking},
 booktitle = {Proceedings of the First International Conference on Mobile Systems, Applications, and Services},
 year = {2003},
 location = {San Francisco, CA}
}
@inproceedings{gruteser03wlanAssessment,
 author = {Marco Gruteser and Dirk Grunwald},
 title = {A Methodological Assessment of Location Privacy Risks in Wireless Hotspot Networks},
 booktitle = {Proceedings of the First International Conference on Security in Pervasive Computing},
 year = {2003},
 location = {Boppard, Germany}
}

@inproceedings{941334,
 author = {Marco Gruteser and Dirk Grunwald},
 title = {Enhancing location privacy in wireless LAN through disposable interface identifiers: a quantitative analysis},
 booktitle = {Proceedings of the 1st ACM international workshop on Wireless mobile applications and services on WLAN hotspots},
 year = {2003},
 isbn = {1-58113-768-0},
 pages = {46--55},
 location = {San Diego, CA, USA},
 doi = {http://doi.acm.org/10.1145/941326.941334},
 publisher = {ACM Press}
 }
 
@INPROCEEDINGS{hoh_pathconfusion,
	AUTHOR = "Baik Hoh and Marco Gruteser",
	TITLE = "Protecting Location Privacy through Path Confusino",
	BOOKTITLE = "Proceedings of IEEE/Create-Net SecureComm 2005",
	MONTH = "September", 
	YEAR = {2005},	
	location = {Athens, Greece}
}

@InProceedings{kgs:_mhop_top_testbed_noise_inject,
   author =      {Sanjit Krishnan Kaul and Marco Gruteser and Ivan Seskar},
   title =      {Creating Wireless Multi-hop Topologies on Space-Constrained
Indoor Testbeds   Through Noise Injection},
   booktitle =     {IEEE Tridentcom},
   year =     2006,
   month =     {March}
}

@inproceedings{1315266_hoh_privacy_gps,
 author = {Baik Hoh and Marco Gruteser and Hui Xiong and Ansaf Alrabady},
 title = {Preserving privacy in gps traces via uncertainty-aware path cloaking},
 booktitle = {CCS '07: Proceedings of the 14th ACM conference on Computer and communications security},
 year = {2007},
 isbn = {978-1-59593-703-2},
 pages = {161--171},
 location = {Alexandria, Virginia, USA},
 doi = {http://doi.acm.org/10.1145/1315245.1315266},
 publisher = {ACM},
 address = {New York, NY, USA}
 }
 
 @InProceedings{hoh06:_enhan_privac_preser_anony_locat,
  author = 	 {Baik Hoh and Hui Xiong and Marco Gruteser and Ansaf Alrabady},
  title = 	 {Enhancing Privacy Preservation of Anonymous Location Sampling Techniques in Traffic Monitoring Systems},
  booktitle =	 {Proceedings of  IEEE/CreateNet Intl. Conference on Security and Privacy for Emerging Areas in Communication Networks (Poster)},
  year =	 2006
}


@inproceedings{hoh_virtual_trip_lines,
 author = {Baik Hoh and Marco Gruteser and Ryan Herring and Jeff Ban and Dan Work and Juan-Carlos Herrera and Alexandre Bayen and Murali Annavaram and Quinn Jacobson},
 title = {Virtual Trip Lines for Distributed Privacy-Preserving Traffic Monitoring},
 booktitle = {ACM MobiSys},
 year = {2008}
}

@ARTICLE{1717364_hoh_privacy_traffic_monitoring,
title={Enhancing Security and Privacy in Traffic-Monitoring Systems},
author={Baik Hoh and M. Gruteser and Hui Xiong and A. Alrabady},
journal={Pervasive Computing, IEEE},
year={Oct.-Dec. 2006},
volume={5},
number={4},
pages={38-46},
keywords={data mining, data privacy, database management systems, security of data, traffic information systemsdata analysis, data mining algorithm, data suppression technique, intelligent transportation system, probe vehicle, road surface problem, telematics service provider database, traffic-monitoring system},
doi={10.1109/MPRV.2006.69},
ISSN={1536-1268}
}

@inproceedings{ramachandran_symphony,
 author = {Kishore Ramachandran and Ravi Kokku and Honghai Zhang and Marco Gruteser},
 title = {Synchronous Two-phase Rate and Power Control in 802.11 WLANs},
 booktitle = {ACM MobiSys},
 year = {2008}
}

@inproceedings{ergin07:understanding,
 author = {Mesut Ali Ergin and Kishore Ramachandran and Marco Gruteser},
 title = {Understanding the effect of access point density on wireless LAN performance},
 booktitle = {MobiCom '07: Proceedings of the 13th annual ACM international conference on Mobile computing and networking},
 year = {2007},
 isbn = {978-1-59593-681-3},
 pages = {350--353},
 location = {Montr\&\#233;al, Qu\&\#233;bec, Canada},
 doi = {http://doi.acm.org/10.1145/1287853.1287902},
 publisher = {ACM},
 address = {New York, NY, USA}
 }
 
 @inproceedings{chandra07:bootstrapping,
    author = {Gayathri Chandrasekaran and Mesut Ali Ergin and Marco Gruteser and Richard P. Martin},
    title = {Bootstrapping a Location Service Through Geocoded Postal Addresses},
    booktitle = "Proceedings of International Symposium on Location and Context Awareness (LoCA 2007)",
    MONTH = "September",
    YEAR = "2007",
    ADDRESS = "Oberpfaffenhofen, Germany"
} 

@InProceedings{ganu06:_method_restor_mac_layer_fairn_ieee,
  author = 	 {Sachin Ganu and Kishore Ramachandran and Marco Gruteser and Ivan Seskar and Jing Deng},
  title = 	 {Methods for Restoring MAC Layer Fairness in IEEE 802.11 Networks with Physical Layer Capture},
  booktitle =	 {ACM SIGMOBILE Workshop on Multi-hop Ad hoc Networks: From Theory to Reality (REALMAN, held with MOBIHOC)},
  year =	 2006
}

@inproceedings{Mobility_Kishore,
 author = {Kishore Ramachandran and Sanjit Kaul and Suhas Mathur and Marco Gruteser and Ivan Seskar},
 title = {Towards large-scale mobile network emulation through spatial switching on a wireless grid},
 booktitle = {E-WIND '05: Proceeding of the 2005 ACM SIGCOMM workshop on Experimental approaches to wireless network design and analysis},
 year = {2005},
 isbn = {1-59593-026-4},
 pages = {46--51},
 location = {Philadelphia, Pennsylvania, USA},
 doi = {http://doi.acm.org/10.1145/1080148.1080158},
 publisher = {ACM Press},
 address = {New York, NY, USA}
 }

 @InProceedings{bitrate-wowmom07,
 author =       {K. Ramachandran and H. Kremo and M. Gruteser and P.
Spasojevic and I. Seskar},
 title =        {Scalability Analysis of Rate Adaptation Techniques in
Congested IEEE 802.11 Networks: An ORBIT Testbed Comparative Study} ,
 booktitle =    {Proceedings of 8th IEEE International Symposium on a World
of Wireless, Mobile and Multimedia Networks (WoWMoM)},
 year =         2007,
 address =      {Helsinki, Finland}
}

@inproceedings{ramachandran09:r2d2,
 author = {Ramachandran, Kishore and Kokku, Ravi and Sundaresan, Karthikeyan and Gruteser, Marco and Rangarajan, Sampath},
 title = {R2D2: regulating beam shape and rate as directionality meets diversity},
 booktitle = {Mobisys '09: Proceedings of the 7th international conference on Mobile systems, applications, and services},
 year = {2009},
 isbn = {978-1-60558-566-6},
 pages = {235--248},
 location = {Wroclaw, Poland},
 doi = {http://doi.acm.org/10.1145/1555816.1555841},
 publisher = {ACM},
 address = {New York, NY, USA},
 }
 
 
@inproceedings{1287783_ORBIT_VINI,
 author = {George C. Hadjichristofi and Avi Brender and Marco Gruteser and Rajesh Mahindra and Ivan Seskar},
 title = {A wired-wireless testbed architecture for network layer experimentation based on ORBIT and VINI},
 booktitle = {WinTECH '07: Proceedings of the the second ACM international workshop on Wireless network testbeds, experimental evaluation and characterization},
 year = {2007},
 isbn = {978-1-59593-738-4},
 pages = {83--90},
 location = {Montreal, Quebec, Canada},
 doi = {http://doi.acm.org/10.1145/1287767.1287783},
 publisher = {ACM},
 address = {New York, NY, USA},
 }