

@inproceedings{ipdps00,
AUTHOR = {Y. Zhang and H. Franke and J. Moreira and A. Sivasubramaniam},
TITLE = {{Improving Parallel Job Scheduling by Combining Gang
        Scheduling and Backfilling Techniques}},
BOOKTITLE = {Proceedings of the International Parallel
           and Distributed Processing Symposium},
PAGES = {133-142},
MONTH = {May},
YEAR = {2000}
}


@inproceedings{spaa01,
AUTHOR = {Y. Zhang and A. Sivasubramaniam},
TITLE = {{Scheduling Best-Effort and Pipelined Real-Time Applications
   on Time-Shared Clusters}},
BOOKTITLE = spaa01,
MONTH = {July},
PAGES = {209-218},
YEAR = {2001}
}


@techreport{rtsched:techreport,
AUTHOR = {Y. Zhang and A. Sivasubramaniam},
TITLE = {{Scheduling Best-Effort and Real-Time Pipelined Applications
    on Time-Shared Clusters}},
INSTITUTION = {Dept. of Computer Science and Engineering,
    The Pennsylvania State University},
MONTH = {February},
YEAR = {2001}
}


@inproceedings{europar00,
        AUTHOR = {Y. Zhang and H. Franke and J. Moreira and A. Sivasubramaniam},
        TITLE = {{
               The Impact of Migration on Parallel Job Scheduling for Distributed Systems
}},
        BOOKTITLE = {
Proceedings of 6th International Euro-Par Conference
    Lecture Notes in Computer Science 1900
},
        PAGES = {245-251},
        MONTH = {Aug/Sep},
        YEAR = {2000}
}


@inproceedings{metrics02,
AUTHOR = {M. Squillante and Y. Zhang and A. Sivasubramaniam and H. Franke and
      J. Moreira},
TITLE = {{Modeling and Analysis of Dynamic Scheduling for Parallel and
Distributed Environments}},
BOOKTITLE = sigmetrics02,
PAGES = {43-54},
YEAR = {June 2002}
}
@inproceedings{spaa01:j-submission,
    AUTHOR = {Y. Zhang and A. Sivasubramaniam},
    TITLE = {{Scheduling Best-Effort and Pipelined Real-Time Applications
            on Time-Shared Clusters}},
    NOTE = {Submitted for publication}
}


@inproceedings{ics00,
    AUTHOR = {Y. Zhang and A. Sivasubramaniam and J. Moreira and H. Franke},
    TITLE = {{A Simulation-based Study of Scheduling Mechanisms for
            a Dynamic Cluster Environment}},
    PAGES = {100-109},
    BOOKTITLE = ics00,
    MONTH = {May},
    YEAR = {2000}
}


@article{ics00-tpds,
    AUTHOR = {Y. Zhang and A. Sivasubramaniam and J. Moreira and H. Franke},
    TITLE = {{Impact of Workload and System Parameters on Next Generation
              Cluster Scheduling Mechanisms}},
    JOURNAL = ieee-tpds,
    VOLUME = {12},
    NUMBER = {9},
    PAGES = {967-985},
    MONTH = {September},
    YEAR = {2001},
}


@techreport{ics00-tr,
    AUTHOR = {Y. Zhang and A. Sivasubramaniam and J. Moreira and H. Franke},
    TITLE = {{A Simulation-based Study of Scheduling Mechanisms for
            a Dynamic Cluster Environment}},
    INSTITUTION = {Dept. of Computer Science and Engineering,
                        The Pennsylvania State University},
        NUMBER = {CSE-99-022},
        MONTH = {November},
        YEAR = {1999}
}


@techreport{ipdps00-tr,
    AUTHOR = {Y. Zhang and H. Franke and J. Moreira and A. Sivasubramaniam},
    TITLE = {{Improving Parallel Job Scheduling by Combining Gang
            Scheduling and Backfilling Techniques}},
    INSTITUTION = {IBM Research, Yorktown Heights, NY},
        NUMBER = {RC21569},
        MONTH = {October},
        YEAR = {1999}
}

@techreport{cosched-anal,
AUTHOR = {M. S. Squillante and Y. Zhang and A. Sivasubramaniam and
          N. Gautam and H. Franke and J. Moreira},
TITLE = {{
Analytic Modeling and Analysis of Dynamic Coscheduling for a Wide
 Spectrum of Parallel and Distributed Environments

}},
INSTITUTION = {Penn State University, CSE department},
NUMBER = {CSE-01-004},
MONTH = {February},
YEAR = {2001}
}


@techreport{spaa01-tr,
AUTHOR = {Y. Zhang and A. Sivasubramaniam},
TITLE = {{
Scheduling Best-Effort and Real-Time Pipelined Applications
on Time-Shared Clusters
}},
INSTITUTION = {Penn State University, CSE department},
NUMBER = {CSE-01-003},
MONTH = {February},
YEAR = {2001}
}

@inproceedings{gang-ws:01,
AUTHOR = {Y. Zhang and H. Franke and J. Moreira and A. Sivasubramaniam},
TITLE = {{An Integrated Approach to Parallel Scheduling Using Gang-Scheduling,
Backfilling and Migration}},
BOOKTITLE = ipps-sched-ws,
MONTH = {June},
YEAR = {2001},
}


@article{tpds02,
AUTHOR = {Y. Zhang and H. Franke and J. Moreira and A. Sivasubramaniam},
TITLE = {{An Integrated Approach to Parallel Scheduling Using Gang-Scheduling,
Backfilling and Migration}},
JOURNAL = {IEEE Transactions on Parallel and Distributed Systems},
VOLUME = {14},
NUMBER = {3},
PAGES = {236-247},
MONTH = {March},
YEAR = {2003}
}

@inproceedings{metrics02:j-submission,
AUTHOR = {M. S. Squillante and Y. Zhang and A. Sivasubramaniam and
          N. Gautam and H. Franke and J. Moreira},
TITLE = {{
Analytic Modeling and Analysis of Dynamic Coscheduling for a Wide
Spectrum of Parallel and Distributed Environments
 }},
NOTE = {Submitted for pulication}
}


@inproceedings{caecw02,
AUTHOR = {Y. Zhang and J. Zhang and A. Sivasubramaniam and C. Liu and H. Franke},
TITLE = {{Characterizing TPC-H on a Clustered Database Engine from the OS Perspective}},
BOOKTITLE = {5th Workshop on Computer Architecture Evaluation using Commercial
             Workloads (CAECW-02)},
MONTH = {February},
YEAR = {2002}
}


@inproceedings{osdi-submisison,
AUTHOR = {Y. Zhang and J. Zhang and A. Sivasubramaniam and C. Liu and H. Franke},
TITLE = {{Characterizing Decision-Support Workloads on a Clustered Database Engine from the OS Perspective}},
NOTE = {Submitted for publication}
}

@techreport{db2-tr,
AUTHOR = {Y. Zhang and J. Zhang and A. Sivasubramaniam and C. Liu and
        H. Franke},
TITLE = {{ Characterizing TPCH-H on a Clustered Database Engine from the OS Perspective}},
NUMBER = {Technical Report CSE-01-030},
INSTITUTION = {Penn State University},
MONTH = {Nov},
YEAR = {2001}
}

@inproceedings{europar02,
AUTHOR = {Y. Zhang and S. Nagar and J. Zhang and H. Franke and A. Sivasubramaniam},
TITLE = {{ Scalability of decisions-support  workloads}},
BOOKTITLE = {Proceedings of 8th International Euro-Par Conference},
YEAR = {2002}
}
@inproceedings{icdcs03,
AUTHOR = {Y. Zhang and J. Zhang and A. Sivasubramaniam and C. Liu and H. Franke},
TITLE = {{Decision-Support Workload Characteristics on a Clustered Database Server
from the OS Perspective}},
BOOKTITLE = {Proceedings of the International Conference on
Distributed Computing Systems (ICDCS)},
PAGES = {386-393},
YEAR = {2003}
}
@inproceedings{jsspp03,
AUTHOR = {Y. Zhang and  A. Yang and A. Sivasubramaniam and J. Moreira},
TITLE = {{Gang Scheduling Extensions for I/O Intensive Workloads}},
BOOKTITLE = {Proceedings of the 9th Workshop on Job Scheduling Strategies for Parallel Processing},
YEAR = {2003}
}
@techreport{hpca03,
AUTHOR = {J. Zhang and A. Sivasubramaniam and H. Franke and N. Gautam and Y. Zhang and S. Nagar},
TITLE = {{Synthesizing Representative I/O Workloads for TPC-H}},
INSTITUTION = {Penn State University},
MONTH = {July},
YEAR = {2003}
}
@inproceedings{hpca04-jianyong,
AUTHOR = {J. Zhang and A. Sivasubramaniam and H. Franke and N. Gautam and Y. Zhang and S. Nagar},
TITLE = {{Synthesizing Representative I/O Workloads for TPC-H}},
BOOKTITLE = {Proceedings of the International Symposium on
High Performance Computer Architecture (HPCA)},
PAGES = {142-151},
YEAR = {2004}
}

@inproceedings{ozturk:04,
AUTHOR = {C. Ozturk and Y. Zhang and W. Trappe and M. Ott},
TITLE = {{Source-Location Privacy for Networks of Energy-Constrained Sensors}},
BOOKTITLE = {proceedings of the 2nd IEEE Workshop on Software Technologies for
Embedded and Ubiquitous Computing Systems},
YEAR = {2004}
}
@inproceedings{dsn04,
AUTHOR = {R. Sahoo and A. Sivasubramaniam and M. Squillante and Y. Zhang},
TITLE = {{Failure Data Analysis of a Large-Scale Heterogeneous Server Environment}},
BOOKTITLE = dsn04,
PAGES = {389--398},
YEAR = {2004}
}
@inproceedings{jsspp04,
AUTHOR = {Y. Zhang and  M. Squillante and A. Sivasubramaniam and R. Sahoo},
TITLE = {{Performance Implications of Failures in Large-Scale Cluster scheduling}},
BOOKTITLE = {Proceedings of the 10th Workshop on Job Scheduling Strategies for Parallel Processing},
MONTH = {June},
YEAR = {2004},
}
@article{clusterschedsim,
AUTHOR = {Y. Zhang  and A. Sivasubramaniam},
TITLE = {{ClusterSchedSim: A Unifying Simulation Framework for Cluster Scheduling Strategies}},
JOURNAL = {Simulation: Transactions of the Society for Modeling and Simulation},
VOLUME = {},
NUMBER = {},
PAGES = {},
MONTH = {},
YEAR = {2004}
}
@inproceedings{xu:wise04,
AUTHOR = {W. Xu and T. Wood and W. Trappe and Y. Zhang},
TITLE = {{Channel Surfing and Spatial Retreats Defenses against Wireless Denial of Service}},
BOOKTITLE = {Proceedings of the Second ACM Workshop on Wireless Security (Wise 2004)},
PAGES = {80-89},
MONTH = {October},
YEAR = {2004}
}
@inproceedings{kang:basenet04,
AUTHOR = {J. Kang and Y. Zhang and B. Nath and S. Yu},
TITLE = {{Adaptive Resource Control Scheme to Alleviate Congestion in Sensor Networks}},
BOOKTITLE = {Proceedings of the First Workshop on Broadband Advanced Sensor Networks (BASENETS)},
YEAR = {2004}
}
@inproceedings{kang:sanpa04,
AUTHOR = {J. Kang and Y. Zhang and B. Nath},
TITLE = {{End-to-End Channel Capacity Measurement for Congestion Control in Sensor Networks}},
BOOKTITLE = {Proceedings of the Second International Workshop on Sensor and Actor Network Protocols and Applications (SANPA)},
YEAR = {2004}
}
@inproceedings{ozturk:sasn04,
AUTHOR = {C. Ozturk and Y. Zhang and W. Trappe},
TITLE = {{Source-Location Privacy in Energy-Constrained Sensor Network Routing}},
BOOKTITLE = {Proceedings of the 2004 ACM Workshop on Security of Ad Hoc and Sensor Networks (SASN)},
YEAR = {2004}
}
@inproceedings{kang:wcnc05,
AUTHOR = {J. Kang and Y. Zhang and B. Nath},
TITLE = {{EAccurate and Energy-efficient Congestion Level Measurement in Ad Hoc Networks}},
BOOKTITLE = {Proceedings of the IEEE Wireless Communications and Networking Conference (WCNC)},
YEAR = {2005}
}
@inproceedings{ipsn05,
AUTHOR = {Z. Li and W. Trappe and Y. Zhang and B. Nath},
TITLE = {{Robust Statistical Methods for Securing Wireless Localization in Sensor Networks}},
BOOKTITLE = {Proceedings of the IEEE/ACM International Conference on Information Processing in Sensor Networks (IPSN)},
YEAR = {2005}
}
@inproceedings{sensorfusion05,
AUTHOR = {S. Yu and A. Yang and Y. Zhang},
TITLE = {{DADA: A 2-Dimensional Adaptive Node Schedule to Provide Smooth Sensor Network
Services against Random Failures}},
BOOKTITLE = {Proceedings of the Workshop on Information Fusion and Dissemination in Wireless Sensor Networks},
YEAR = {2005}
}
@inproceedings{dmsn05,
AUTHOR = {W. Trappe and Y. Zhang and B. Nath},
TITLE = {{MIAMI: Methods and Infrastructure for the Assurance
of Measurement Information}},
BOOKTITLE = {Proceedings of the 2nd International VLDB Workshop on Data Management for Sensor Networks},
YEAR = {2005}
}
@inproceedings{xu:mobihoc05,
 author = {W. Xu and W. Trappe and Y. Zhang and T. Wood},
 title = {The Feasibility of Launching and Detecting Jamming Attacks in Wireless Networks},
 booktitle = {Proceedings of the ACM International Symposium on Mobile Ad Hoc Networking and Computing (Mobihoc)},
 year = {2005}
 }

@inproceedings{kamat:icdcs05,
 author = {P. Kamat and Y. Zhang and W. Trappe and C. Ozturk},
 title = {Enhancing Source-Location Privacy in Sensor Network Routing},
 booktitle = {Proceedings of the 25th International Conference on Distributed Computing Systems (ICDCS)},
 year = {2005}
 }
@inproceedings{Ma:RPMSN05,
 author = {K. Ma and Y. Zhang and W. Trappe},
 title = {Mobile Network Management and Robust Spatial Retreats via Network Dynamics},
 booktitle = {Proceedings of the 1st International Workshop on Resource Provisioning and Management
 in Sensor Networks (RPMSN05)},
 year = {2005}
 }
 @inproceedings{dsn05,
 author = {Y. Liang and Y. Zhang and A. Sivasubramaniam and R. Sahoo and J.
Moreira and M. Gupta},
 title = {Filtering Failure Logs for a  BlueGene/L Prototype},
 booktitle = {Proceedings of the International Conference on Dependable Systems and Networks (DSN)},
 year = {2005}
 }
@inproceedings{kang:iscc06,
 author = {J. Kang and Y. Zhang and B. Nath},
 title = {Analysis of Resource Increase and Decrease Algorithm in Wireless Sensor Networks},
 booktitle = {Proceedings of the IEEE Symposium on Computers and Communications (ISCC)},
 year = {2006}
 }
@inproceedings{Liang:dsn06,
 author = {Y. Liang and Y. Zhang and A. Sivasubramaniam and M. Jette and R. Sahoo},
 title = {BlueGene/L Failure Analysis and Prediction Models},
 booktitle = {Proceedings of IEEE International Conference on Dependable System and Network (DSN '06)},
 pages = {425-434},
 year = {2006}
 }
 @inproceedings{xu:sensys06,
 author = {W. Xu and W. Trappe and Y. Zhang},
 title = {Poster Abstract: Channel Surfing: Defending Wireless Sensor Networks from Jamming and Interference},
 booktitle = {Proceedings of the 4th ACM Conference on Embedded Networked Sensor Systems (SenSys 2006)},
 year = {2006}
 }
@inproceedings{xu:ipsn07,
 author = {W. Xu and W. Trappe and Y. Zhang},
 title = {Channel Surfing: Defending Wireless Sensor Networks from Jamming and Interference},
 booktitle = {Proceedings of the IEEE/ACM International Conference on Information Processing in Sensor Networks (IPSN)},
 year = {2007}
 }

 @inproceedings{kamat:icdcs07,
 author = {P. Kamat and W. Xu and W. Trappe and Y. Zhang},
 title = {Temporal Privacy in Wireless Sensor Networks},
 booktitle = {Proceedings of the 27th IEEE Int. Conference on Distributed Computing Systems (ICDCS07)},
 year = {2007}
 }

 @inproceedings{yu:dsn07,
 author = {S. Yu and Y. Zhang},
 title = {R-Sentry: Providing Continuous Sensor Services against Random Node Failures},
 booktitle = {Proceedings of IEEE International Conference on Dependable System and Network (DSN)},
 year = {2007}
 }

 @inproceedings{liang:icdm07,
  author    = "Yinglung Liang and Yanyong Zhang and Hui Xiong and Ramendra Sahoo",
  title     = "Failure Prediction in IBM BlueGene/L Event Logs",
  booktitle = "Proceedings of the Seventh IEEE Int'l Conf. on Data Mining (ICDM'07)",
  pages     = "",
  month     = "",
  year      = "2007",
  address   = "",
  publisher = "IEEE Computer Society"
}

 @inproceedings{rastogi:milcom07,
 author = {D. Rastogi and S. Ganu and Y. Zhang and W. Trappe and C. Graff},
 title = {A Comparative Study of AODV and OLSR on the ORBIT Testbed},
 booktitle = {Proceedings of Milcom 2007},
 year = {2007}
 }

 @inproceedings{xu:wise08,
 author = {W. Xu and W. Trappe and Y. Zhang},
 title = {Anti-Jamming Timing Channels for Wireless Networks},
 booktitle = {the 1st ACM Conference on Wireless Security (WiSec)},
 year = {2008}
 }

@inproceedings{bhanage:ngi08,
 author = {R. Mahindra and G. D. Bhanage and G. Hadjichristofi and I. Seskar and D. Raychaudhuri and Y. Zhang},
 title = {Space Versus Time Separation ForWireless Virtualization On An Indoor Grid},
 booktitle = {the 2008 Next Generation Internet Networks (NGI)},
 year = {2008}
 }

@article{ma:tpds08,
AUTHOR = {K. Ma and Y. Zhang and W. Trappe},
TITLE = {{Managing Mobile Sensor Networks Using Network Dynamics}},
JOURNAL = {IEEE Transactions on Paralle and Distributed Systems},
VOLUME = {19},
NUMBER = {1},
PAGES = {106-120},
MONTH = {January},
YEAR = {2008}
}
@article{kang:tpds07,
AUTHOR = {J. kang and Y. Zhang and B. Nath},
TITLE = {{TARA: Topology-Aware Resource Adaptation to Alleviate Congestion in Sensor Networks}},
JOURNAL = {IEEE Transactions on Paralle and Distributed Systems},
VOLUME = {18},
NUMBER = {1},
PAGES = {919-931},
MONTH = {July},
YEAR = {2007}
}

@article{kang:winet,
 author = {Kang, Jaewon and Zhang, Yanyong and Nath, Badri},
 title = {An optimal resource control scheme under fidelity and energy constraints in sensor networks},
 journal = {Wirel. Netw.},
 volume = {15},
 issue = {4},
 month = {May},
 year = {2009},
 issn = {1022-0038},
 pages = {497--512},
 numpages = {16},
 url = {http://dx.doi.org/10.1007/s11276-007-0065-2},
 doi = {http://dx.doi.org/10.1007/s11276-007-0065-2},
 acmid = {1741477},
 publisher = {Kluwer Academic Publishers},
 address = {Hingham, MA, USA},
 keywords = {Congestion control, Energy efficiency, Fidelity, Resource control, Sensor networks},
}

@inproceedings{zan-etal:mdm10,
 author = {B. Zan and T. Sun and M. Gruteser and Y. Zhang},
 title = {The Boomerang Protocol: Tieing Data to Geographic Locations in Mobile Disconnected Networks},
 booktitle = {Proceedings of the Eleventh International Conference on Mobile Data Management},
 year = {2010}
 }

@inproceedings{bhanage2011virtual,
  title={Virtual wireless network mapping: An approach to housing MVNOs on wireless meshes},
  author={Bhanage, Gautam and Zhang, Yanyong and Raychaudhuri, Dipankar},
  booktitle={Personal Indoor and Mobile Radio Communications (PIMRC), 2011 IEEE 22nd International Symposium on},
  pages={187--191},
  year={2011},
  organization={IEEE}
}

@inproceedings{sun2011improving,
  title={Improving Access Point Association Protocols through Channel Utilization and Adaptive Switching},
  author={Sun, Tingting and Zhang, Yanyong and Trappe, Wade},
  booktitle={Mobile Adhoc and Sensor Systems (MASS), 2011 IEEE 8th International Conference on},
  pages={155--157},
  year={2011},
  organization={IEEE}
}

@article{sun2011improved,
  title={Improved AP association management using machine learning},
  author={Sun, Tingting and Trappe, Wade and Zhang, Yanyong},
  journal={ACM SIGMOBILE Mobile Computing and Communications Review},
  volume={14},
  number={4},
  pages={4--6},
  year={2011},
  publisher={ACM}
}

@incollection{bhanage2011experimental,
  title={Experimental evaluation of openvz from a testbed deployment perspective},
  author={Bhanage, Gautam and Seskar, Ivan and Zhang, Yanyong and Raychaudhuri, Dipankar and Jain, Shweta},
  booktitle={Testbeds and Research Infrastructures. Development of Networks and Communities},
  pages={103--112},
  year={2011},
  publisher={Springer}
}
@article{sun2012boomerang,
  title={The boomerang protocol: tying data to geographic locations in mobile disconnected networks},
  author={Sun, Tingting and Zan, Bin and Zhang, Yanyong and Gruteser, Marco},
  journal={Mobile Computing, IEEE Transactions on},
  volume={11},
  number={7},
  pages={1113--1126},
  year={2012},
  publisher={IEEE}
}


 @inproceedings{li2012popularity,
  title={Popularity-driven coordinated caching in named data networking},
  author={Li, Jun and Wu, Hao and Liu, Bin and Lu, Jianyuan and Wang, Yi and Wang, Xin and Zhang, Yanyong and Dong, Lijun},
  booktitle={Proceedings of the eighth ACM/IEEE symposium on Architectures for networking and communications systems},
  pages={15--26},
  year={2012},
  organization={ACM}
}

@inproceedings{sun2012association,
  title={Association attacks: Identifying association protocols},
  author={Sun, Tingting and Zhang, Yanyong and Trappe, Wade},
  booktitle={World of Wireless, Mobile and Multimedia Networks (WoWMoM), 2012 IEEE International Symposium on a},
  pages={1--5},
  year={2012},
  organization={IEEE}
}

@inproceedings{zhang2012content,
  title={Content delivery in the MobilityFirst future Internet architecture},
  author={Zhang, Feixiong and Nagaraja, Kiran and Zhang, Yanyong and Raychaudhuri, Dipankar},
  booktitle={Sarnoff Symposium (SARNOFF), 2012 35th IEEE},
  pages={1--5},
  year={2012},
  organization={IEEE}
}

@inproceedings{xu2012improving,
  title={Improving RF-based device-free passive localization in cluttered indoor environments through probabilistic classification methods},
  author={Xu, Chenren and Firner, Bernhard and Zhang, Yanyong and Howard, Richard and Li, Jun and Lin, Xiaodong},
  booktitle={Proceedings of the 11th international conference on Information Processing in Sensor Networks},
  pages={209--220},
  year={2012},
  organization={ACM}
}

 @inproceedings{vu2012dmap,
  title={Dmap: A shared hosting scheme for dynamic identifier to locator mappings in the global internet},
  author={Vu, Tam and Baid, Akash and Zhang, Yanyong and Nguyen, Thu D and Fukuyama, Junichiro and Martin, Richard P and Raychaudhuri, Dipankar},
  booktitle={Distributed Computing Systems (ICDCS), 2012 IEEE 32nd International Conference on},
  pages={698--707},
  year={2012},
  organization={IEEE}
}

@inproceedings{xu2012towards,
  title={Poster: Towards robust device-free passive localization through automatic camera-assisted recalibration},
  author={Xu, Chenren and Gao, Mingchen and Firner, Bernhard and Zhang, Yanyong and Howard, Richard and Li, Jun},
  booktitle={Proceedings of the 10th ACM Conference on Embedded Network Sensor Systems},
  pages={339--340},
  year={2012},
  organization={ACM}
}

@inproceedings{li2013mobile,
  title={A Mobile Phone Based WSN Infrastructure for IoT over Future Internet Architecture},
  author={Li, Jun and Zhang, Yanyong and and Nagaraja, Kiran and Li, Sugang and Raychaudhuri, Dipankar},
  booktitle={Green Computing and Communications (GreenCom), 2013 IEEE and Internet of Things (iThings/CPSCom), IEEE International Conference on and IEEE Cyber, Physical and Social Computing},
  pages={426--433},
  year={2013},
  organization={IEEE}
}


@inproceedings{liu2013secure,
  title={Secure Name Resolution for Identifier-to-Locator Mappings in the Global Internet},
  author={Liu, Xiruo and Trappe, Wade and Zhang, Yanyong},
  booktitle={Computer Communications and Networks (ICCCN), 2013 22nd International Conference on},
  pages={1--7},
  year={2013},
  organization={IEEE}
}

@inproceedings{moore2013building,
  title={Building a Practical Sensing System},
  author={Moore, Robert S and Firner, Bernhard and Xu, Chenren and Howard, Richard and Zhang, Yanyong and Martin, Richard P},
  booktitle={Green Computing and Communications (GreenCom), 2013 IEEE and Internet of Things (iThings/CPSCom), IEEE International Conference on and IEEE Cyber, Physical and Social Computing},
  pages={693--698},
  year={2013},
  organization={IEEE}
}


@inproceedings{xu2013crowd++,
  title={Crowd++: unsupervised speaker count with smartphones},
  author={Xu, Chenren and Li, Sugang and Liu, Gang and Zhang, Yanyong and Miluzzo, Emiliano and Chen, Yih-Farn and Li, Jun and Firner, Bernhard},
  booktitle={Proceedings of the 2013 ACM international joint conference on Pervasive and ubiquitous computing},
  pages={43--52},
  year={2013},
  organization={ACM}
}

@inproceedings{xu2013scpl,
  title={SCPL: indoor device-free multi-subject counting and localization using radio signal strength},
  author={Xu, Chenren and Firner, Bernhard and Moore, Robert S and Zhang, Yanyong and Trappe, Wade and Howard, Richard and Zhang, Feixiong and An, Ning},
  booktitle={Proceedings of the 12th international conference on Information processing in sensor networks},
  pages={79--90},
  year={2013},
  organization={ACM}
}



@inproceedings{zhang2013using,
  title={Using ORBIT for evaluating wireless content-centric network transport},
  author={Zhang, Feixiong and Reznik, Alex and Liu, Hang and Xu, Chenren and Zhang, Yanyong and Seskar, Ivan},
  booktitle={Proceedings of the 8th ACM international workshop on Wireless network testbeds, experimental evaluation \& characterization},
  pages={103--104},
  year={2013},
  organization={ACM}
}

 @misc{PrognosisGrant,
   title = {{Collaborative Research: CSR---SMA+AES: PROGNOSIS to Enhance the Runtime Health of Large Scale Parallel System},
    CNS-0509164,08/01/05-07/31/06,\$79,999}
}
@misc{ProactiveGrant,
   title = {{Collaborative Research: CSR-SMA+AES: Pro-active Runtime Health Enhancement of Large-scale Parallel Systems Using PROGNOSIS},
    CNS-0614976,08/15/06-09/14/09,\$237,997}
}
@misc{CareerGrant,
   title = {{CAREER:PROSE: Providing Robustness in Systems of Embedded Sensors},
    CNS-0546072,07/01/06-06/30/10,\$449,724}
}
@misc{ROMEGrant,
   title = {{CT - ISG: ROME: Robust Measurement in Sensor Networks},
    CNS-0831186,09/01/08-08/31/11,\$400,000}
}
 	
